<?xml version="1.0" encoding="UTF-8"?><collection xmlns="http://www.loc.gov/MARC21/slim"><record><leader>00440nam--2200133-i-4500</leader><controlfield tag="001">000045674</controlfield><controlfield tag="002">20161230</controlfield><controlfield tag="005">20161230201045</controlfield><controlfield tag="008">060222s1000------------r-----000-0-eng-d</controlfield><datafield ind1=" " ind2=" " tag="080"><subfield code="a">621.039.84:571(061.3)</subfield></datafield><datafield ind1=" " ind2=" " tag="245"><subfield code="a">2-nd romanian conference on the application of physics methods in archeology. cluj-napoca, febr.17-18, 1989</subfield></datafield><datafield ind1=" " ind2=" " tag="260"><subfield code="a">Bucharest, Inst.Of Atomic Physics, 1990, 189p</subfield></datafield><datafield ind1=" " ind2=" " tag="700"><subfield code="a">Frangopol,P.T.Andmorariu,V.V</subfield></datafield><datafield ind1=" " ind2=" " tag="852"><subfield code="a">79328</subfield></datafield></record></collection>